3084 5092
875 671 1919 858 MONITUM.

337 1145 1029 1262 ExmBEMUs
1076 1191 1780 1276 tibi‚amice1ector,
1820 1193 2129 1265 indicem
2174 1193 2445 1264 Graeci..

331 1327 514 1396 tatis
551 1326 1030 1408 Plutarcheae,
1065 1347 1210 1397 non
1243 1329 1528 1417 qualem
1564 1329 1931 1410 vellemus,
1963 1337 2215 1420 utpote
2238 1329 2443 1422 justa

334 1459 578 1530 forma
635 1468 996 1529 carentem
1062 1471 1136 1529 et
1193 1460 1547 1550 supremis
1606 1462 1918 1531 auctoris
1978 1463 2169 1531 curis
2228 1463 2443 1531 desti-

331 1601 606 1674 tutum,
641 1601 961 1662 attamen
994 1595 1278 1684 qualem
1313 1616 1480 1663 eum
1514 1595 1609 1663 ad
1640 1617 1771 1664 nos
1805 1595 2207 1665 transmisit
2226 1594 2443 1687 wyt-

339 1723 760 1796 tenbachius
793 1726 822 1795 ὅ
853 1721 1220 1820 μακαρίτης.
1323 1725 1581 1818 Neque
1625 1729 1819 1797 enim
1851 1729 1930 1796 in
1964 1728 2197 1797 alieno
2228 1749 2444 1816 opere

237 1919 244 1924 .
349 1865 633 1928 mutare
673 1859 1062 1949 quidquam
1107 1859 1321 1929 officii
1371 1867 1530 1930 erat
1578 1860 1845 1929 nostri:
1898 1881 2029 1928 nec
2076 1859 2141 1928 si
2189 1857 2445 1928 fuisset

343 1991 460 2058 vel
491 1990 824 2072 maxime,
856 1991 1102 2061 omnia
1134 2013 1220 2060 eo
1251 1993 1466 2062 modo
1511 1991 1869 2062 instruere
1914 2000 1988 2061 et
2020 2013 2441 2083 componere

335 2145 483 2214 quo
515 2125 672 2214 ipse
703 2125 1030 2194 conditor
1067 2125 1455 2195 meditatus
1501 2133 1680 2207 erat,
1716 2134 1844 2195 aut
1888 2127 2045 2195 leve
2088 2125 2277 2196 foret
2310 2135 2439 2196 aut

335 2257 774 2349 expeditum.
879 2257 1154 2328 Idcirco
1204 2259 1529 2328 dedimus
1582 2281 1895 2350 operam,
1947 2267 2031 2328 ut
2087 2281 2177 2328 ex
2236 2268 2441 2330 auto-

331 2391 619 2484 grapho
653 2391 898 2461 omnia
929 2399 1172 2461 curate
1205 2393 1797 2476 describerentur,
1822 2394 2079 2463 deinde
2110 2402 2197 2463 ut
2230 2402 2437 2484 typo-

331 2523 660 2618 graphus
710 2525 817 2593 ita
863 2525 1306 2614 provinciam
1357 2545 1563 2595 suam
1612 2527 2169 2607 administraret,
2202 2535 2289 2595 ut
2324 2548 2437 2596 as-

329 2667 584 2748 pectus
619 2656 1028 2730 Voluminis
1063 2657 1152 2727 iis
1186 2660 1668 2749 responderet,
1701 2681 1867 2750 quae
1902 2666 2433 2750 praecesserant.

433 2792 653 2873 Quod
703 2793 796 2864 ad
847 2793 1198 2862 rationem
1244 2794 1478 2884 operis
1525 2793 1942 2864 conficiendi
1976 2798 2273 2883 spectat,
2308 2811 2467 2896 no·-

333 2927 640 2996 tandum
673 2935 784 2996 est
803 2924 1470 3017 wyttenbachium,
1491 2928 1760 2996 scilicet
1792 2949 1937 3017 quo
1968 2925 2249 2994 facilius
2276 2943 2435 2993 ver-

335 3059 600 3129 borum
631 3061 948 3130 ordinem
985 3059 1516 3150 alphabeticum
1550 3064 2027 3137 conservaret,
2046 3075 2257 3125 usum
2284 3077 2435 3124 esse

339 3193 727 3283 exemplari
762 3193 1015 3264 indicis
1050 3191 1383 3274 AElianei,
1418 3192 1671 3261 charta
1692 3212 1879 3281 pura
1904 3189 2207 3283 singulis
2240 3187 2433 3257 foliis

333 3325 760 3416 interposita
791 3334 866 3396 et
907 3327 984 3396 in
1035 3328 1400 3396 columnas
1453 3324 1859 3395 distributa.
1964 3321 2431 3393 Plutarcheas

331 3457 682 3528 dictiones
730 3459 997 3548 partim
1039 3458 1350 3551 margini
1397 3455 1707 3527 AElianei
1753 3456 2008 3526 indicis
2054 3456 2429 3546 adspersit,

329 3592 557 3660 immo
606 3590 804 3660 haud
853 3590 1344 3682 infrequenter
1384 3589 1575 3659 inter
1614 3590 1840 3659 lineas
1886 3589 2233 3670 exaravit,
2267 3609 2433 3678 par-

329 3723 462 3792 tim
501 3723 580 3793 in
613 3723 866 3794 charta
909 3745 1116 3815 pura,
1147 3741 1370 3815 quam
1413 3723 1753 3805 diximuS,
1787 3722 2129 3793 enotavit.
2234 3719 2431 3790 Hinc

327 3857 754 3947 descriptori
815 3857 1010 3926 haud
1070 3857 1225 3926 leve
1285 3855 1815 3926 incommodum
1875 3862 1949 3923 et
2006 3853 2427 3928 discrimen:

325 4011 502 4058 nam
535 3997 623 4058 ut
666 3991 756 4059 de
797 3991 1154 4080 scriptura
1197 3989 1382 4060 nihil
1425 4009 1924 4069 memoremus,
1959 4007 2237 4078 semper
2279 3984 2429 4056 fere

325 4123 636 4206 minuta,
691 4145 884 4215 saepe
934 4122 1371 4214 compendiis
1431 4128 1503 4190 et
1561 4121 1799 4190 lituris
1853 4119 2273 4201 deformata,
2324 4119 2431 4188 ita

323 4275 848 4346 nonnunquam
924 4255 1290 4349 legitimus
1358 4253 1738 4323 verborum
1809 4253 1983 4322 ordo
2050 4259 2428 4342 corruptus

325 4395 458 4470 est,
491 4397 580 4457 ut
629 4387 800 4458 fessi
853 4387 1041 4458 oculi
1092 4386 1479 4478 quaerendo
1529 4383 1803 4458 frustra
1852 4387 2281 4466 laborarent,
2320 4383 2430 4452 in-
