3084 5092
1481 431 2008 504 MONITUM.

696 637 982 706 verdum
1047 655 1214 725 quae
1283 633 1488 702 satis·
1517 635 1728 723 plane
1787 633 2053 722 scripta
2113 638 2319 702 erant
2380 631 2775 702 omitterent

693 790 1010 860 prorsuS,
1061 776 1135 837 et
1183 766 1650 860 negligerent.
1750 764 2057 857 Aliquot
2114 765 2531 859 hujusmodi
2582 766 2779 835 omis-

699 903 931 972 siones
964 902 1315 972 indicatas
1350 900 1627 970 videbis
1674 902 1752 971 in
1786 901 2043 970 indicis
2076 901 2595 991 supplemento,
2626 921 2778 991 quo,

693 1057 920 1127 quum
953 1036 1243 1105 madida
1290 1058 1334 1104 a
1375 1035 1575 1125 prelo
1617 1033 2009 1124 specimina
2052 1054 2215 1104 cum
2259 1033 2653 1103 Reiskiano
2684 1034 2783 1102 in-

695 1169 850 1238 dice
901 1167 1276 1250 conferret,
1311 1166 1660 1241 vocabula
1710 1167 1993 1238 circiter
2046 1169 2241 1236 1000
2288 1185 2335 1236 a
2365 1163 2786 1256 Wyttenba-

557 1309 588 1340 ⁸
694 1300 858 1371 chio
905 1300 1392 1392 praetermissa
1435 1301 1759 1406 repqsuit
1809 1319 2191 1392 operarum
2246 1298 2787 1391 typographica-

698 1457 862 1506 rum
897 1443 1270 1506 corrector.

793 1567 958 1639 Hoc
1005 1591 1221 1659 porro
1271 1567 1730 1649 monendum,
1778 1567 2209 1661 pagium-mn
2262 1587 2599 1638 numeros
2648 1587 2792 1638 non

696 1723 782 1771 ea
812 1724 960 1793 qua
990 1724 1126 1793 par
1163 1711 1322 1772 erat
1365 1702 1744 1795 diligentia
1787 1701 2027 1771 ubivis
2078 1701 2429 1771 indicatos
2476 1717 2667 1770 esse:
2716 1700 2793 1768 id

692 1835 889 1925 quod
937 1835 1268 1925 plurimis
1319 1834 1400 1904 in
1449 1835 1622 1904 loeis
1668 1835 1822 1924 ipse
1866 1843 2117 1903 auctor
2146 1833 2451 1904 sensisse
2485 1831 2795 1912 videtur,

692 1969 820 2058 qui
854 1968 1007 2036 sive
1039 1969 1132 2035 ad
1166 1988 1370 2037 oram
1407 1965 1600 2046 libri,
1635 1965 1787 2034 sive
1832 1965 2023 2034 inter
2066 1966 2289 2035 lineas
2336 1963 2534 2032 haud
2578 1962 2799 2036 infre-

693 2106 998 2190 quenter
1029 2105 1280 2167 notare
1323 2097 1577 2172 solitus
1612 2097 1731 2176 sit,
1766 2104 1809 2134 ‘⁶
1836 2097 1941 2166 nil
1974 2096 2154 2178 hic,''
2189 2104 2233 2135 “
2258 2119 2405 2166 non
2440 2097 2796 2178 inveni0,”

695 2240 826 2302 etc.
929 2229 1037 2300 Et
1077 2230 1156 2300 in
1204 2231 1364 2320 ipso
1403 2228 1571 2324 lipri
1613 2227 1852 2299 fronte
1884 2229 2320 2319 perscripsit,
2354 2237 2400 2268 “
2426 2227 2599 2302 Not.
2642 2226 2797 2300 684

696 2374 739 2407 “
774 2361 1138 2436 Β.--685.
1172 2386 1338 2456 quae
1389 2373 1563 2434 sunt
1600 2362 1968 2445 vocabula,
2002 2385 2089 2432 ea
2116 2349 2503 2464 perperam
2544 2371 2805 2434 notata

696 2506 738 2538 ‘⁸
773 2506 947 2568 sunt
977 2498 1186 2590 signo
1218 2497 1507 2590 paginae
1542 2491 1965 2566 fisa—685
1984 2492 2081 2565 A.
2101 2494 2187 2565 F.
2221 2496 2397 2566 item
2420 2515 2803 2585 perperam

696 2640 738 2672 “
775 2639 1026 2702 notata
1049 2631 1258 2724 signo
1283 2627 1453 2700 684.
1521 2627 1729 2722 Ergo
1747 2651 1915 2720 quae
1942 2625 2087 2699 683
2122 2651 2269 2698 non
2304 2629 2806 2714 inveniuntur,

697 2772 741 2804 “
775 2763 1166 2854 quaerenda
1203 2769 1378 2832 sunt
1411 2757 1583 2844 684,
1617 2768 1691 2831 et
1724 2757 2421 2832 684-685.-N0t.
2459 2759 2560 2832 11.
2598 2765 2809 2832 1010

698 2906 741 2938 “
781 2896 878 2967 A.
911 2904 987 2967 et
1018 2896 1107 2967 B.
1161 2919 1328 2988 quse
1363 2895 1466 2966 ibi
1497 2918 1647 2966 non
1678 2895 2171 2977 inveniuntur,
2202 2896 2595 2986 quaerenda
2626 2905 2812 2966 sunt

699 3039 742 3072 ‘⁴
782 3034 972 3102 1011
1009 3028 1106 3101 A.
1129 3029 1258 3100 B.'‘
1359 3029 1710 3100 Similiter
1758 3051 1925 3101 eum
1976 3036 2051 3099 et
2100 3029 2274 3099 alibi
2307 3050 2633 3119 peccasse
2666 3050 2815 3099 nos

698 3185 845 3233 non
861 3164 1079 3232 semel
1103 3162 1704 3253 deprehendimus
1726 3181 1744 3230 ε
1794 3183 2019 3252 quare
2038 3161 2402 3254 rogandus
2420 3167 2531 3232 est
2552 3161 2821 3244 lector,

701 3296 764 3366 si
807 3295 983 3386 quid
1029 3316 1176 3365 non
1216 3295 1575 3364 invenerit
1613 3296 1767 3364 loco
1802 3294 2137 3374 iudicatu,
2171 3300 2257 3362 ut
2290 3293 2367 3362 in
2402 3293 2643 3364 vicina
2674 3316 2823 3384 pa·-

702 3428 897 3521 gina‚
930 3434 1061 3497 aut
1092 3426 1330 3496 vicina
1362 3425 1442 3495 in
1485 3431 1695 3515 parte
1728 3423 2040 3517 paginae,
2074 3423 2480 3516 investiget.
2584 3422 2827 3500 Hane

703 3567 892 3630 certe
925 3581 1056 3630 nos
1087 3559 1507 3629 methodum
1541 3557 1789 3638 secuti,
1812 3555 2011 3628 haud
2044 3577 2275 3648 pauca
2305 3556 2659 3649 ejusmodi
2702 3562 2832 3632 vi-

703 3695 829 3776 tia,
879 3701 1208 3764 currente
1257 3693 1553 3773 calamo,
1586 3690 2029 3762 sustulimus.
2133 3689 2388 3762 Finem
2438 3689 2833 3780 praefandi

703 3825 1068 3909 faciemus,
1117 3833 1499 3917 postquam
1550 3824 2060 3907 monuerimus,
2104 3844 2487 3896 numerum
2538 3821 2599 3894 1.
2652 3828 2837 3914 pri-

705 3981 904 4030 mum
937 3961 1298 4042 volumen,
1333 3957 1435 4030 11.
1469 3958 1861 4029 secundum
1896 3961 2253 4041 volumen,
2279 3957 2439 4028 edd.
2461 3956 2829 4030 Franoof.

709 4097 926 4172 1599.
964 4091 1180 4165 1620.
1213 4096 1331 4164 vel
1365 4092 1596 4163 Paris.
1636 4089 1853 4163 1624.
1888 4091 2309 4187 sig-nificare.

875 4325 1162 4402 Oonu,
1197 4326 1438 4390 MART.
1467 4327 1532 4388 3.
1566 4323 1759 4388 1830.
